<?xml version="1.0" encoding="UTF-8"?><collection xmlns="http://www.loc.gov/MARC21/slim"><record><leader>00732nam--2200241-u-4500</leader><controlfield tag="001">000050418</controlfield><controlfield tag="002">20161230</controlfield><controlfield tag="003">44207</controlfield><controlfield tag="005">20161230201048</controlfield><controlfield tag="008">070315s1000------------r-----000-0-eng-d</controlfield><datafield ind1=" " ind2=" " tag="020"><subfield code="a">0387301593</subfield></datafield><datafield ind1=" " ind2=" " tag="040"><subfield code="a">IFIN-HH</subfield></datafield><datafield ind1=" " ind2=" " tag="080"><subfield code="a">536.37:621.375.86</subfield></datafield><datafield ind1="1" ind2=" " tag="100"><subfield code="a">Kozlowski, Miroslav</subfield></datafield><datafield ind1="1" ind2="0" tag="245"><subfield code="a">Thermal Processes Using Attosecond Laser Pulses</subfield><subfield code="c">Miroslav Kozlowski; Janina Marciak-Kozlovska</subfield></datafield><datafield ind1=" " ind2=" " tag="260"><subfield code="a">Berlin</subfield><subfield code="b">Springer</subfield><subfield code="c">2006</subfield></datafield><datafield ind1=" " ind2=" " tag="300"><subfield code="a">217 p</subfield></datafield><datafield ind1=" " ind2=" " tag="490"><subfield code="a">Springer Series in Optical Science</subfield></datafield><datafield ind1=" " ind2=" " tag="504"><subfield code="a">Includes index. With 43 Illustration</subfield></datafield><datafield ind1=" " ind2="4" tag="650"><subfield code="a">Cauzal Thermal Phenomena, Quantal Description</subfield></datafield><datafield ind1="1" ind2=" " tag="700"><subfield code="a">Marciak-Kozlovska, Janina</subfield></datafield><datafield ind1=" " ind2=" " tag="852"><subfield code="a">44207</subfield><subfield code="c">535</subfield></datafield><datafield ind1=" " ind2=" " tag="CAT"><subfield code="a">Sys</subfield><subfield code="c">20101117</subfield><subfield code="h">160132</subfield></datafield></record></collection>